@article{sabino2009licenccas,
  title={Licen{\c{c}}as de software livre hist{\'o}ria e caracter{\i}sticas},
  author={Sabino, Vanessa and Kon, Fabio},
  year={2009}
}

@article{campos2006software,
  title={O que {\'e} software livre},
  author={Campos, Augusto},
  journal={BR-Linux. Florian{\'o}polis, mar{\c{c}}o de},
  year={2006}
}

@online{fsf,
  author={Richard Stallman},
  title={Free Software Foundation},
  year=1985,
  url={https://www.fsf.org},
  urldate={2019-04-20}
}

@online{github,
  author={GitHub, Inc.},
  title={Github: Social Coding},
  year=2008,
  url={https://github.com},
  urldate={2019-04-15}
}